<record><leader>00000cas a2200000 a 4500</leader><controlfield tag="001">32596904</controlfield><controlfield tag="007">hd afb---bucu</controlfield><controlfield tag="008">950605d17421793pauwr nea     0    0eng c</controlfield><datafield ind1=" " ind2=" " tag="010"><subfield code="a">  2005252550</subfield></datafield><datafield ind1=" " ind2=" " tag="040"><subfield code="a">DLM</subfield><subfield code="b">eng</subfield><subfield code="c">DLM</subfield><subfield code="d">WAU</subfield><subfield code="d">OCLCQ</subfield><subfield code="d">OCLCA</subfield><subfield code="d">OCLCF</subfield><subfield code="d">OCLCQ</subfield></datafield><datafield ind1=" " ind2=" " tag="042"><subfield code="a">pcc</subfield></datafield><datafield ind1=" " ind2=" " tag="043"><subfield code="a">n-us-pa</subfield></datafield><datafield ind1=" " ind2="4" tag="050"><subfield code="a">AN2</subfield><subfield code="b">.P453x</subfield></datafield><datafield ind1="0" ind2="4" tag="245"><subfield code="a">The Pennsylvania journal, or, Weekly advertiser.</subfield></datafield><datafield ind1="1" ind2=" " tag="246"><subfield code="i">Published as:</subfield><subfield code="a">Pennsylvania journal and weekly advertiser</subfield><subfield code="f">June 13, 1751-Jan. 23, 1766 and Dec. 23, 1778-May 10, 1780</subfield></datafield><datafield ind1="1" ind2=" " tag="246"><subfield code="i">Published as:</subfield><subfield code="a">Pennsylvania journal and the weekly advertiser</subfield><subfield code="f">Jan. 30, 1766-Sept. 17, 1777 and May 17, 1780-Sept. 18, 1793</subfield></datafield><datafield ind1="3" ind2="0" tag="246"><subfield code="a">Pennsylvania journal</subfield></datafield><datafield ind1="3" ind2="0" tag="246"><subfield code="a">Weekly advertiser</subfield></datafield><datafield ind1=" " ind2=" " tag="260"><subfield code="a">Philadelphia, Pa. :</subfield><subfield code="b">Printed and sold by William Bradford,</subfield><subfield code="c">1742-1793.</subfield></datafield><datafield ind1=" " ind2=" " tag="300"><subfield code="a">3617 volumes</subfield></datafield><datafield ind1=" " ind2=" " tag="310"><subfield code="a">Weekly</subfield></datafield><datafield ind1=" " ind2=" " tag="321"><subfield code="a">Semiweekly,</subfield><subfield code="b">June 20, 1781-Dec. 24, 1788</subfield></datafield><datafield ind1=" " ind2=" " tag="336"><subfield code="a">text</subfield><subfield code="b">txt</subfield><subfield code="2">rdacontent</subfield></datafield><datafield ind1=" " ind2=" " tag="337"><subfield code="a">microform</subfield><subfield code="b">h</subfield><subfield code="2">rdamedia</subfield></datafield><datafield ind1=" " ind2=" " tag="338"><subfield code="a">microfilm reel</subfield><subfield code="b">hd</subfield><subfield code="2">rdacarrier</subfield></datafield><datafield ind1="0" ind2=" " tag="362"><subfield code="a">No. 3 (Dec. 21, 1742)-no. 3619 (Sept. 18, 1793).</subfield></datafield><datafield ind1=" " ind2=" " tag="500"><subfield code="a">Publisher varies: William and Thomas Bradford, &lt;1769&gt;; Thomas Bradford, &lt;1779&gt;; T. Bradford &amp; P. Hall, &lt;1779&gt;; Thomas Bradford, &lt;1791&gt;-</subfield></datafield><datafield ind1=" " ind2=" " tag="515"><subfield code="a">Suspended publication Nov. 27, 1776-Jan. 29, 1777.</subfield></datafield><datafield ind1=" " ind2=" " tag="515"><subfield code="a">Issue for Mar. 31, 1779 numbered 1282 instead of 1822; error perpetuated for rest of run.</subfield></datafield><datafield ind1=" " ind2=" " tag="533"><subfield code="a">Microfilm.</subfield><subfield code="b">[S.l.] :</subfield><subfield code="c">Historical Society of Pennsylvania.</subfield><subfield code="e">25 microfilm reels ; 35 mm.</subfield><subfield code="n">Filmed with earlier title.</subfield></datafield><datafield ind1=" " ind2="0" tag="651"><subfield code="a">Philadelphia (Pa.)</subfield><subfield code="v">Newspapers.</subfield></datafield><datafield ind1=" " ind2="0" tag="651"><subfield code="a">Philadelphia County (Pa.)</subfield><subfield code="v">Newspapers.</subfield></datafield><datafield ind1=" " ind2="7" tag="651"><subfield code="a">Pennsylvania</subfield><subfield code="z">Philadelphia.</subfield><subfield code="2">fast</subfield><subfield code="0">(OCoLC)fst01204170</subfield></datafield><datafield ind1=" " ind2="7" tag="651"><subfield code="a">Pennsylvania</subfield><subfield code="z">Philadelphia County.</subfield><subfield code="2">fast</subfield><subfield code="0">(OCoLC)fst01217128</subfield></datafield><datafield ind1=" " ind2="7" tag="655"><subfield code="a">Newspapers.</subfield><subfield code="2">fast</subfield><subfield code="0">(OCoLC)fst01423814</subfield></datafield><datafield ind1="1" ind2=" " tag="700"><subfield code="a">Bradford, William,</subfield><subfield code="d">1663-1752.</subfield></datafield><datafield ind1="1" ind2=" " tag="700"><subfield code="a">Bradford, Thomas,</subfield><subfield code="d">1745-1838.</subfield></datafield><datafield ind1=" " ind2=" " tag="752"><subfield code="a">United States</subfield><subfield code="b">Pennsylvania</subfield><subfield code="c">Philadelphia</subfield><subfield code="d">Philadelphia.</subfield></datafield><datafield ind1="0" ind2="0" tag="780"><subfield code="t">Weekly advertiser, or, Pennsylvania journal</subfield><subfield code="w">(DLC)  2005252249</subfield><subfield code="w">(OCoLC)32596810</subfield></datafield><datafield ind1="1" ind2=" " tag="029"><subfield code="a">AU@</subfield><subfield code="b">000027769289</subfield></datafield></record>